@misc{srikar2018,
  title={Python Implementation of Andrew Ng's Machine Learning Course (Part 1)},
  url={https://medium.com/analytics-vidhya/python-implementation-of-andrew-ngs-machine-learning-course-part-1-6b8dd1c73d80}, 
  journal={Medium},
  publisher={Analytics Vidhya},
  author={Srikar},
  year={2018},
  month={Oct}
  }